@ARTICLE{KAPOOR2023120882,
  AUTHOR = {Kapoor, Shalini and Kumar, Tarun},
  URL = {https://www.sciencedirect.com/science/article/pii/S0957417423013842},
  DATE = {2023},
  DOI = {https://doi.org/10.1016/j.eswa.2023.120882},
  ISSN = {0957-4174},
  JOURNALTITLE = {Expert Systems with Applications},
  KEYWORDS = {Pitch coherent spectrogram,Emotion change detection,Glottal spectrum,Glottal closure instant,Short-time Fourier transform},
  PAGES = {120882},
  TITLE = {Detecting emotion change instant in speech signal using spectral patterns in pitch coherent single frequency filtering spectrogram},
  VOLUME = {232},
}

@INPROCEEDINGS{ohman-etal-2020-xed,
  AUTHOR = {Öhman, Emily and Pàmies, Marc and Kajava, Kaisla and Tiedemann, Jörg},
  LOCATION = {Barcelona, Spain (Online)},
  PUBLISHER = {International Committee on Computational Linguistics},
  URL = {https://aclanthology.org/2020.coling-main.575},
  BOOKTITLE = {Proceedings of the 28th International Conference on Computational Linguistics},
  DATE = {2020-12},
  DOI = {10.18653/v1/2020.coling-main.575},
  PAGES = {6542--6552},
  TITLE = {{XED}: A Multilingual Dataset for Sentiment Analysis and Emotion Detection},
}

@ARTICLE{key2,
  AUTHOR = {Acheampong, Francisca Adoma and Wenyu, Chen and Nunoo-Mensah, Henry},
  URL = {https://onlinelibrary.wiley.com/doi/abs/10.1002/eng2.12189},
  DATE = {2020},
  DOI = {https://doi.org/10.1002/eng2.12189},
  EPRINT = {https://onlinelibrary.wiley.com/doi/pdf/10.1002/eng2.12189},
  JOURNALTITLE = {Engineering Reports},
  KEYWORDS = {emotion detection,natural language processing,sentiment analysis,text-based emotion detection},
  NUMBER = {7},
  PAGES = {e12189},
  TITLE = {Text-based emotion detection: Advances, challenges, and opportunities},
  VOLUME = {2},
}

@ARTICLE{nandwani,
  AUTHOR = {Nandwani, Pansy and Verma, Rupali},
  DATE = {2021-08},
  DOI = {10.1007/s13278-021-00776-6},
  JOURNALTITLE = {Social Network Analysis and Mining},
  TITLE = {A review on sentiment analysis and emotion detection from text},
  VOLUME = {11},
}

@ARTICLE{Tromp,
  AUTHOR = {Tromp, Erik and Pechenizkiy, Mykola},
  DATE = {2014-12},
  TITLE = {Rule-based Emotion Detection on Social Media: Putting Tweets on Plutchik's Wheel},
}

@ARTICLE{kusal,
  AUTHOR = {Kusal, Sheetal and Patil, Shruti and Kotecha, Ketan and Aluvalu, Rajanikanth and Varadarajan, Vijayakumar},
  URL = {https://www.mdpi.com/2504-2289/5/3/43},
  DATE = {2021},
  DOI = {10.3390/bdcc5030043},
  ISSN = {2504-2289},
  JOURNALTITLE = {Big Data and Cognitive Computing},
  NUMBER = {3},
  TITLE = {AI Based Emotion Detection for Textual Big Data: Techniques and Contribution},
  VOLUME = {5},
}

@INPROCEEDINGS{mascarell-etal-2021-stance,
  AUTHOR = {Mascarell, Laura and Ruzsics, Tatyana and Schneebeli, Christian and Schlattner, Philippe and Campanella, Luca and Klingler, Severin and Kadar, Cristina},
  LOCATION = {Dominican Republic},
  PUBLISHER = {Association for Computational Linguistics},
  URL = {https://aclanthology.org/2021.fever-1.8},
  BOOKTITLE = {Proceedings of the Fourth Workshop on Fact Extraction and VERification (FEVER)},
  DATE = {2021-11},
  DOI = {10.18653/v1/2021.fever-1.8},
  PAGES = {66--77},
  TITLE = {Stance Detection in {G}erman News Articles},
}

@ARTICLE{Colonnello,
  AUTHOR = {Colonnello, Valentina and Mattarozzi, Katia and Russo, Paolo M},
  URL = {https://onlinelibrary.wiley.com/doi/abs/10.1111/medu.13760},
  DATE = {2019},
  DOI = {https://doi.org/10.1111/medu.13760},
  EPRINT = {https://onlinelibrary.wiley.com/doi/pdf/10.1111/medu.13760},
  JOURNALTITLE = {Medical Education},
  NUMBER = {2},
  PAGES = {195--205},
  TITLE = {Emotion recognition in medical students: effects of facial appearance and care schema activation},
  VOLUME = {53},
}
@software{Hoehn_Improving_Emotion_Detection_2023,
author = {Hoehn, Richard and Ranganathan, Jaishree},
license = {MIT},
title = {Improving Emotion Detection through Real-Time Translation of Text to ML Models Trained in Different Languages},
url = {https://github.com/richardhoehn/mtsu.coms.qualifying-exam},
version = {1.0.1},
year = {2023}
}
@misc{Nidhaloff_how_to_translate_text_with_python,
    author={Nidhaloff Nidhaloff},
url = {https://medium.com/analytics-vidhya/how-to-translate-text-with-python-9d203139dcf5},
year = {2023},
month={07},
title={How to translate text with python},
abstract = {In this tutorial, we will explore different possibilities to translate a text or word using python. From my experience, this is very helpful if you want to automate the translation of many paragraphs, sentences or words.}
}
@online{ACLU-ED-Data,
    title = {"Experts Say 'Emotion Recognition' Lacks Scientific Foundation"},  
    author = {Jay Stanley},  
    year = {2019},
    url = {https://www.aclu.org/news/privacy-technology/experts-say-emotion-recognition-lacks-scientific},   
}
@online{ACLU-THE-DAWN-OF-ROBOT-SURVEILLANCE,
    title = {"THE DAWN OF ROBOT SURVEILLANCE"},  
    author = {Jay Stanley},  
    year = {2019},
    url = {https://www.aclu.org/report/dawn-robot-surveillance},   
}

@online{german-dataset-cheese,
title = {CHeeSE Dataset},
author = {ETH Zurich},
year = {2019},
url = {https://mtc.ethz.ch/publications/open-source/cheese-dataset.html}
}

@online{english-dataset-twitter,
title = {Emotion Detection from Text},
author = {Kaggle and data.world},
year = {2021},
url = {https://www.kaggle.com/datasets/pashupatigupta/emotion-detection-from-text}
}
@aritcle{emotion-detection-literature-review,
author = {Kusal, Sheetal and Patil, Shruti and Choudrie, Jyoti and Kotecha, Ketan and Vora, Deepali and Pappas, Ilias},
year = {2022},
month = {04},
pages = {},
title = {A Review on Text-Based Emotion Detection -- Techniques, Applications, Datasets, and Future Directions}
}

@INPROCEEDINGS{chatbot-cognitive-awareness,
  author={Adikari, Achini and De Silva, Daswin and Alahakoon, Damminda and Yu, Xinghuo},
  booktitle={2019 IEEE 17th International Conference on Industrial Informatics (INDIN)}, 
  title={A Cognitive Model for Emotion Awareness in Industrial Chatbots}, 
  year={2019},
  volume={1},
  number={},
  pages={183-186},
  doi={10.1109/INDIN41052.2019.8972196}
}